<?xml version="1.0" encoding="UTF-8"?><record xmlns="http://www.loc.gov/MARC21/slim" xmlns:cinclude="http://apache.org/cocoon/include/1.0" xmlns:zs="http://www.loc.gov/zing/srw/">
  <leader>00690cz  a2200145n  4500</leader>
  <controlfield tag="001">n  87153712 </controlfield>
  <controlfield tag="003">DLC</controlfield>
  <controlfield tag="005">20080405075756.0</controlfield>
  <controlfield tag="008">871229n| acannaabn          |n ana      </controlfield>
  <datafield tag="010" ind1=" " ind2=" ">
    <subfield code="a">n  87153712 </subfield>
  </datafield>
  <datafield tag="035" ind1=" " ind2=" ">
    <subfield code="a">(OCoLC)oca02172629</subfield>
  </datafield>
  <datafield tag="040" ind1=" " ind2=" ">
    <subfield code="a">DLC</subfield>
    <subfield code="b">eng</subfield>
    <subfield code="c">DLC</subfield>
    <subfield code="d">DLC</subfield>
    <subfield code="d">OCoLC</subfield>
  </datafield>
  <datafield tag="110" ind1="2" ind2=" ">
    <subfield code="a">Australasian Institute of Mining and Metallurgy.</subfield>
    <subfield code="b">Sydney Branch</subfield>
  </datafield>
  <datafield tag="670" ind1=" " ind2=" ">
    <subfield code="a">nuc86-99823: Estimation and statement of mineral reserves, c1979</subfield>
    <subfield code="b">(hdg. on CaBVaU rept.: Australasian Institute of Mining and Metallurgy. Sydney Branch; usage: Sydney Branch, The Australasian Institute of Mining and Metallurgy)</subfield>
  </datafield>
  <datafield tag="670" ind1=" " ind2=" ">
    <subfield code="a">LC data base, 12-29-87</subfield>
    <subfield code="b">(hdg.: Australasian Institute of Mining and Metallurgy. Sydney Branch)</subfield>
  </datafield>
</record>